% Is this right?  It's a proposal.  
% CNRI Proposal # 90120-1a
@TechReport{cp4e,
  author =       {Guido van Rossum},
  title =        {Computer Programming for Everybody},
  institution =  {Corporation for National Research Initiatives},
  year =         1999,
  note =          {\url{http://www.python.org/doc/essays/cp4e.html}}
}

@Misc{tkinter,
  author =       {Fredrik Lundh},
  title =        {An Introduction to Tkinter},
  note =         {\url{http://www.pythonware.com/library/tkinter/introduction/index.htm}},
  year =         1999
}

@Misc{nltk,
  title =        {Natural Language Processing Toolkit},
  author =       {Edward Loper and Steven Bird},
  year =         2002,
  note =         {\url{http://nltk.sourceforge.net/}}
}

@Misc{epydoc,
  author =       {Edward Loper},
  title =        {Epydoc},
  year =         2002,
  note =         {\url{http://epydoc.sourceforge.net/}}
}

