%======================================================================
% Introduction to Natural Language Processing
% Steven Bird, Ewan Klein, Edward Loper
%
% Bibliography
%======================================================================

@Article{Abney:1989:CMH,
  author =       "Steven P. Abney",
  title =        "A computational model of human parsing",
  journal =      "Journal of Psycholinguistic Research",
  volume =       "18",
  pages =        "129--144",
  year =         "1989",
}

@InCollection{Abney1991PC,
  author =       "Steven P. Abney",
  editor =       "Robert C. Berwick and Steven P. Abney and Carol
                 Tenny",
  booktitle =    "Principle-Based Parsing: Computation and
                 Psycholinguistics",
  title =        "Parsing by Chunks",
  volume =       "44",
  publisher =    "Kluwer",
  year =         "1991",
  series =       "Studies in Linguistics and Philosophy",
}

@InCollection{Abney1996PST,
  author =       {Steven Abney},
  title =        {Part-of-Speech Tagging and Partial Parsing},
  year =         {1996},
  booktitle =    {Corpus-Based Methods in Language and Speech},
  publisher =    {Kluwer Academic Publishers},
  editor =       {Ken Church and Steve Young and Gerrit Bloothooft},
  url =          {http://citeseer.ist.psu.edu/article/abney96partspeech.html} ,
  address =      {Dordrecht}
}

@InCollection{Abney1996SML,
  author =	 {Steven Abney},
  title =	 {Statistical Methods and Linguistics},
  booktitle =	 {The Balancing Act: Combining Symbolic and
                  Statistical Approaches to Language},
  publisher =	 {The MIT Press},
  year =	 1996,
  url =		 {http://www.vinartus.net/spa/95c.pdf},
  editor =	 {Judith Klavans and Philip Resnik}
}

@Book{Abney2008,
  author =   {Steven Abney},
  title = {Semisupervised Learning for Computational Linguistics},
  publisher = {Chapman and Hall},
  year = 2008
}

@Article{Androutsopoulos1995NLI,
  author = 	 {Ion Androutsopoulos and Graeme Ritchie and Peter Thanisch},
  title = 	 {Natural Language Interfaces to Databases --- An Introduction},
  journal = 	 {Journal of Natural Language Engineering},
  year = 	 1995,
  volume = 	 1,
  number = 	 1,
  pages = 	 {29--81}}

@Article{Bachenko1990CGD,
  author =       "J. Bachenko and E. Fitzpatrick",
  title =        "A Computational Grammar of Discourse-Neutral Prosodic
                 Phrasing in {E}nglish",
  journal =      "Computational Linguistics",
  volume =       "16",
  number =       "3",
  pages =        "155--170",
  year =         "1990",
}

@Book{Baayen2008,
  author = {Harald Baayen},
  title = {Analyzing Linguistic Data: A Practical Introduction to Statistics using R},
  publisher = {Cambridge University Press},
  year = 2008
}

@Book{Beazley2006PER,
  author = 	 {David M. Beazley},
  title = 	 {Python Essential Reference},
  publisher = 	 {Sams Publishing},
  year = 	 2006,
  series = 	 {Developer's Library},
  edition = 	 {Third Edition}}

@Book{Biber1998,
  author = {Douglas Biber and Susan Conrad and Randi Reppen},
  title = {Corpus Linguistics: Investigating Language Structure and Use},
  publisher = {Cambridge University Press},
  year = 1998
}

@Article{Bird2003Portability,
  author =       {Steven Bird and Gary Simons},
  title =        {Seven Dimensions of Portability for Language Documentation and Description},
  journal =      {Language},
  year =         2003,
  volume =       79,
  pages =        {557--82}
}

@InCollection{Bird1999NELS,
  author =	 {Steven Bird},
  title =	 {Multidimensional exploration of online linguistic
                  field data},
  booktitle =	 {Proceedings of the 29th Annual Meeting of the
                  Northeast Linguistics Society},
  pages =	 {33--47},
  publisher =	 {GLSA, University of Massachussetts at Amherst},
  year =	 1999,
  editor =	 {Pius Tamanji and Masako Hirotani and Nancy Hall}
}

@article{Bird2001Annotation,
  author =	 {Steven Bird and Mark Liberman},
  title =	 {A formal framework for linguistic annotation},
  journal =	 {Speech Communication},
  year =	 {2001},
  volume =	 {33},
  pages =	 {23--60},
  url =		 {http://arxiv.org/abs/cs/0010033}
}

@Book{Blackburn2005RIN,
  author =	 {Patrick Blackburn and Johan Bos},
  title =	 {Representation and Inference for Natural Language: A
                  First Course in Computational Semantics},
  publisher =	 {CSLI Publications},
  year =	 2005,
  subtitle =	 {A First Course in Computational Semantics},
  address =	 {Stanford, Ca}
}

@Misc{BNC1999,
  author =       {{BNC}},
  title =        {{British} {National} {Corpus}},
  year =         1999,
  note =         {[http://info.ox.ac.uk/bnc/]}
}

@InCollection{Brent1995,
  author =	 {Michael Brent and Timothy Cartwright},
  title =	 {Distributional regularity and phonotactic
                  constraints are useful for segmentation},
  editor =	 {Michael Brent},
  booktitle =	 {Computational Approaches to Language Acquisition},
  publisher =	 {MIT Press},
  year =	 1995
}

@Unpublished{Bresnan2006GG,
  author =	 {Joan Bresnan and Jennifer Hay},
  title =	 {Gradient Grammar: An Effect of Animacy on the Syntax
                  of \textit{give} in Varieties of {E}nglish},
  url =
                  {http://www-lfg.stanford.edu/bresnan/anim-spokensyntax-final.pdf},
  note =	 {unpublished ms.},
  year =	 2006
}

@Article{Budanitsky2006EWB,
  author = 	 {Alexander Budanitsky and Graeme Hirst},
  title = 	 {Evaluating WordNet-based Measures of Lexical Semantic Relatedness},
  journal = 	 {Computational Linguistics},
  year = 	 2006,
  volume = 	 32,
  number = 	 1,
  pages = 	 {13--48}}

@Book{BurtonRoberts1997AS,
  author = 	 {Noel Burton-Roberts},
  title = 	 {Analysing Sentences},
  publisher = 	 {Longman},
  year = 	 1997}
  
@Book{Buseman1996Shoebox,
  author =       {Alan Buseman and Karen Buseman and Rod Early},
  title =        {The Linguist's Shoebox: Integrated Data Management and Analysis for the Field Lingui
st},
  publisher =    {Waxhaw NC: SIL},
  year =         1996,
  url =         {http://www.sil.org/computing/shoebox/}
}

@article{Carletta1996Kappa,
  author =	 {Jean Carletta},
  title =	 {Assessing Agreement on Classification Tasks: The
                  Kappa Statistic},
  journal =	 {Computational Linguistics},
  volume =	 {22},
  pages =	 {249-254},
  year =	 1996
}

@Book{Carpenter1997TLS,
  author = 	 {Bob Carpenter},
  title = 	 {Type-Logical Semantics},
  publisher =   {The MIT Press},
  year = 	 1997}

@book{Carpenter1992LTF,
  author =	 "Bob Carpenter",
  title =	 "The Logic of Typed Feature Structures",
  publisher =	 "Cambridge University Press",
  address =	 "Cambridge, England",
  year =	 "1992"
}

@Article{Charniak1997,
  author = {Eugene Charniak},
  title = {Statistical Techniques for Natural Language Parsing},
  journal = {AI Magazine},
  publisher = {AAAI},
  year=1997,
  url={http://www.aaai.org/ojs/index.php/aimagazine/article/view/1320/1221}
}


@book{ChomskyHalle68,
  author =	 {Noam Chomsky and Morris Halle},
  title =	 {The Sound Pattern of English},
  publisher =	 {New York: Harper and Row},
  year =	 1968
}

@Book{Chomsky1965,
  author = 	 {Noam Chomsky},
  title = 	 {Aspects of the Theory of Syntax},
  publisher = 	 {The MIT Press},
  year = 	 1965,
  address = 	 {Cambridge, MA}}

@InCollection{Chomsky1970RN,
  author = 	 {Noam Chomsky},
  title = 	 {Remarks on Nominalization},
  booktitle = 	 {Readings in English Transformational Grammar},
  publisher = {Blaisdell},
  year = 	 1970,
  editor = 	 {R. Jacobs and P. Rosenbaum},
  address =  {Waltham, MA}}

@Article{Church1982CSA,
  author = 	 {Kenneth Church and Ramesh Patil},
  title = 	 {Coping with Syntactic Ambiguity or How to Put the Block in the Box on the Table},
  journal = 	 {American Journal of Computational Linguistics},
  year = 	 1982,
  volume = 	 8,
  number = 	 {3--4},
  pages = 	 {139--149}}

@inproceedings{Cieri2002DASL,
  author =	 {Christopher Cieri and Stephanie Strassel},
  title =	 {The DASL Project: a Case Study in Data Re-Annotation
                  and Re-Use},
  booktitle =	 {Third International Conference on Language Resources
                  and Evaluation},
  year =	 {2002}
}

@Book{Cole97,
  editor =	 {Ronald Cole},
  title =	 {Survey of the State of the Art in Human Language
                  Technology},
  publisher =	 {Cambridge University Press},
  year =	 1997,
  series =	 {Studies in Natural Language Processing},
  url =		 {http://cslu.cse.ogi.edu/HLTsurvey/}
}

@Book{Copestake2002ITF,
  author = 	 {Ann Copestake},
  title = 	 {Implementing Typed Feature Structure Grammars},
  publisher =   {CSLI Publications},
  year = 	 2002,
  address = 	 {Stanford, CA}}


@Book{Corbett2006A,
  author = 	 {Greville G Corbett},
  title = 	 {Agreement},
  publisher =   {Cambridge University Press},
  year = 	 2006,
  address = 	 {Cambridge, UK}}

@InCollection{Dagan2006PRT,
  author =	 {Ido Dagan and Oren Glickman and Bernardo Magnini},
  title =	 {The PASCAL Recognising Textual Entailment Challenge},
  booktitle =	 {Machine Learning Challenges},
  pages =	 {177--190},
  publisher =	 {Springer},
  year =	 2006,
  editor =	 {J. Quinonero-Candela and I. Dagan and B. Magnini and
                  F. d'Alch\'{e}-Buc},
  volume =	 3944,
  series =	 {Lecture Notes in Computer Science}
}

@Book{Dale00handbook,
  editor =	 {Robert Dale and Hermann Moisl and Harold Somers},
  title = 	 {Handbook of Natural Language Processing},
  publisher = 	 {Marcel Dekker},
  year = 	 2000
}

@book{Dalrymple2001,
  author =        {Mary Dalrymple},
  title =         {Lexical Functional Grammar},
  series =        {Syntax and Semantics},
  volume =        {34},
  publisher =     {Academic Press},
  address =       {New York},
  year =          {2001}
}

@InCollection{Dalrymple:1999:RRB,
  author =	 {Mary Dalrymple and V. Gupta and John Lamping and
                  V. Saraswat},
  title =	 {Relating resource-based semantics to categorial
                  semantics},
  booktitle =	 {Semantics and syntax in {Lexical Functional
                  Grammar}: the resource logic approach},
  pages =	 {261--280},
  publisher =	 {MIT Press},
  year =	 1999,
  editor =	 {Mary Dalrymple},
  address =	 {Cambridge, MA}
}

@Book{Dowty1981IMS,
  author = 	 {David R. Dowty and Robert E. Wall and Stanley Peters},
  title = 	 {Introduction to Montague Semantics},
  publisher =   {Kluwer Academic Publishers},
  year = 	 1981}

@Article{Earley1970ECF,
  author = 	 {Jay Earley},
  title = 	 {An Efficient Context-Free Parsing Algorithm},
  journal = 	 {Communications of the Association for Computing Machinery},
  year = 	 1970,
  volume = 	 13,
  number = 	 2,
  pages = 	 {94-102}}

@inproceedings{Emele1990TUG,
  author =	 {Martin C. Emele and R\'emi Zajac},
  title =	 {Typed unification grammars},
  booktitle =	 {Proceedings of the 13th Conference on Computational
                  linguistics},
  year =	 1990,
  isbn =	 {952-90-2028-7},
  pages =	 {293--298},
  location =	 {Helsinki, Finland},
  publisher =	 {Association for Computational Linguistics},
  address =	 {Morristown, NJ, USA},
}

@Book{Fellbaum1998,
  editor =       {Christiane Fellbaum},
  title =        {WordNet: An Electronic Lexical Database},
  publisher =    {MIT Press},
  year =         1998,
  note =         {\url{http://wordnet.princeton.edu/}}
}

@inproceedings{Forsyth2007,
  author =	 {Eric N. Forsyth and Craig H. Martell},
  title =	 {Lexical and Discourse Analysis of Online Chat
                  Dialog},
  booktitle =	 {Proceedings of the First IEEE International
                  Conference on Semantic Computing},
  pages =	 {19--26},
  year =	 2007
}

@Book{Friedl2002MRE,
  author =	 {Jeffrey E. F. Friedl},
  title =	 {Mastering Regular Expressions},
  publisher =	 {O'Reilly},
  year =	 2002,
  edition =	 {Second Edition}
}

@Book{Garofolo1986TIMIT,
  author =	 "Garofolo, John S. and Lori F. Lamel and William
                  M. Fisher and Jonathon G. Fiscus and David
                  S. Pallett and Nancy L. Dahlgren",
  title =	 "The {DARPA TIMIT} Acoustic-Phonetic Continuous
                  Speech Corpus {CDROM}",
  publisher =	 "NIST",
  year =	 1986,
  url =		 "http://www.ldc.upenn.edu/Catalog/LDC93S1.html"
}

@Book{Gazdar1985GPS,
  author =	 {Gerald Gazdar and Ewan Klein and Geoffrey Pullum and
                  Ivan Sag (1985)},
  title =	 {Generalized Phrase Structure Grammar},
  publisher =	 {Basil Blackwell},
  year =	 1985
}

@Book{Gries2009,
  author = {Stefan Gries},
  title = {Quantitative Corpus Linguistics with R: A Practical Introduction},
  publisher = {Routledge},
  year = 2009
}

@inproceedings{Graff2000Switchboard,
  author =	 {David Graff and Steven Bird},
  title =	 {Many Uses, Many Annotations for Large Speech
                  Corpora: Switchboard and {TDT} as Case Studies},
  booktitle =	 {Proceedings of the Second International Conference
                  on Language Resources and Evaluation},
  year =	 {2000},
  page =	 {427--433},
  publisher =	 {Paris: ELRA},
  url =		 {http://arXiv.org/abs/cs/0007024}
}

@Book{Harel2004,
  author =	 {David Harel},
  title =	 {Algorithmics: The Spirit of Computing},
  publisher =	 {Addison Wesley},
  year =	 2004
}

@Book{Heim1998SGG,
  author =	 {Irene Heim and Angelika Kratzer},
  title =	 {Semantics in Generative Grammar},
  publisher =	 {Blackwell},
  year =	 1998
}

@Book{Huddleston2002CGE,
  author = 	 {Rodney D. Huddleston and Geoffrey K. Pullum},
  title = 	 {The Cambridge Grammar of the English Language},
  publisher = 	 {Cambridge University Press},
  year = 	 2002}

@Book{Hunt1999PP,
  author =	 {Andrew Hunt and David Thomas},
  title =	 {The Pragmatic Programmer: From Journeyman to Master},
  publisher =	 {Addison Wesley},
  year =	 1999
}

@Book{Jackendoff1977XS,
  author = 	 {Ray Jackendoff},
  title = 	 {X-Syntax: a Study of Phrase Strucure},
  publisher = 	 {The MIT Press},
  year = 	 1977,
  number = 	 2,
  series = 	 {Linguistic Inquiry Monograph},
  address = 	 {Cambridge, MA}}

@Book{JurafskyMartin2008,
  author =	 {Daniel Jurafsky and James H. Martin},
  title =	 {Speech and Langugage Processing},
  subtitle =	 {An Introduction to Natural Language Processing,
                  Computational Linguistics, and Speech Recognition},
  publisher =	 {Prentice Hall},
  year =	 2008,
  address =	 {New Jersey},
  edition =	 {Second Edition}
}

@Book{Johnson1988AVL,
  author =	 {Mark Johnson},
  title =	 {Attribute Value Logic and Theory of Grammar},
  publisher =	 {Chicago University Press},
  year =	 1988,
  series =	 {CSLI Lecture Notes Series}
}

@book{KampReyle,
  author =	 {Hans Kamp and Uwe Reyle},
  title =	 {From Discourse to the Lexicon: Introduction to
                  Modeltheoretic Semantics of Natural Language, Formal
                  Logic and Discourse Representation Theory},
  publisher =	 {Kluwer Academic Publishers},
  year =	 {1993}
}

@InCollection{Kaplan1989FAL,
  author =	 {Ronald Kaplan},
  title =	 {The formal architecture of {Lexical-Functional
                  Grammar}},
  booktitle =	 {Proceedings of ROCLING II},
  pages =	 {1-18},
  year =	 1989,
  editor =	 {Chu-Ren Huang and Keh-Jiann Chen},
  note =	 {Reprinted in Dalrymple, Kaplan, Maxwell, and Zaenen
                  (eds), Formal Issues in Lexical-Functional Grammar,
                  7-27. Stanford: Center for the Study of Language and
                  Information. 1995.}
}

@incollection{Kaplan1982LFG,
  author =	 {Ronald Kaplan and Joan Bresnan},
  editor =	 {Joan Bresnan},
  title =	 {Lexical-Functional Grammar: {A} Formal System for
                  Grammatical Representation},
  booktitle =	 {The Mental Representation of Grammatical Relations},
  pages =	 {173-281},
  publisher =	 {The MIT Press},
  address =	 {Cambridge, Mass.},
  year =	 {1982}
}

@InCollection{Kathol99ASM,
  author =	 {Andreas Kathol},
  title =	 {Agreement and the Syntax-Morphology Interface in
                  {HPSG}},
  pages =	 {223--274},
  editor =	 {Robert D. Levine and Georgia M. Green},
  booktitle =	 {Studies in Contemporary Phrase Structure Grammar},
  publisher =	 {Cambridge University Press},
  address =	 {Cambridge},
  isbn =	 {0521651077},
  year =	 1999
}

@inproceedings{Kay1984UG,
  author =	 {Martin Kay},
  title =	 {Unification in Grammar},
  booktitle =	 {Natural Language Understanding and Logic
                  Programming},
  note =	 {Proceedings of the First International Workshop on
                  Natural Language Understanding and Logic
                  Programming},
  editor =	 {Ver\'onica Dahl and Patrick Saint-Dizier},
  year =	 {1985},
  publisher =	 {North-Holland},
  ISBN =	 {ISBN 0-444-87714-2},
  pages =	 {233-240}
}

@inproceedings{Kasper1986LSF,
  author =	 {Robert T. Kasper and William C. Rounds},
  title =	 {A logical semantics for feature structures},
  booktitle =	 {Proceedings of the 24th annual meeting on
                  Association for Computational Linguistics},
  year =	 {1986},
  pages =	 {257--266},
  location =	 {New York, New York},
  publisher =	 {Association for Computational Linguistics},
  address =	 {Morristown, NJ, USA},
}
 
@InProceedings{KissStrunk2006,
  author =	 {Kiss, Tibor and Strunk, Jan},
  title =	 {Unsupervised multilingual sentence boundary
                  detection},
  booktitle =	 {Computational Linguistics},
  pages =	 {485--525},
  year =	 2006,
  volume =	 32
}

@inproceedings{Klein2003Astar,
  author =	 {Dan Klein and Christopher D. Manning},
  title =	 {A* Parsing: Fast Exact Viterbi Parse Selection},
  booktitle =	 {Proceedings of HLT-NAACL 03},
  year =	 2003,
}

@Book{Knuth2006Trees,
  author =   {Donald E. Knuth},
  title =    {The Art of Computer Programming, Volume 4: Generating All Trees},
  publisher =    {Addison Wesley},
  year =     2006
}

@Book{Levitin2004,
  author =   {Anany Levitin},
  title =    {The Design and Analysis of Algorithms},
  publisher =    {Addison Wesley},
  year =     2004
}

@Book{Lutz2003LP,
  author = 	 {Mark Lutz and David Ascher},
  title = 	 {Learning Python},
  publisher = 	 {O'Reilly},
  year = 	 2003,
  edition = 	 {Second Edition}}

@Book{McCawley1998SPE,
  author = 	 {James McCawley},
  title = 	 {The Syntactic Phenomena of English},
  publisher = 	 {Chicago University Press},
  year = 	 1998}

@Misc{McCune,
  author =	 {William McCune},
  title =	 {Prover9: Automated theorem prover for first-order
                  and equational logic},
  year =	 2008,
  url = {http://www.cs.unm.edu/~mccune/mace4/manual-examples.html}
}

@Book{McEnery2006,
  author = {Anthony McEnery},
  title = {Corpus-Based Language Studies: An Advanced Resource Book},
  publisher = {Routledge},
  year = 2006
}

@Book{MacWhinney1995CHILDES,
  author =       "Brian MacWhinney",
  title =        "The CHILDES Project: Tools for Analyzing Talk",
  publisher =    "Mahwah, NJ:  Lawrence Erlbaum.",
  year =         1995,
  edition =      "Second",
  note =         "[childes.psy.cmu.edu/]"
}

@article{Madnani2007,
  author =	 {Nitin Madnani},
  title =	 {Getting Started on Natural Language Processing with
                  Python},
  journal =	 {ACM Crossroads},
  volume =	 {13},
  number =	 {4},
  publisher =	 {ACM Press},
  year =	 2007
}

@Book{Manning1999FSN,
  author = 	 {Christopher Manning and Hinrich Schutze},
  title = 	 {Foundations of Statistical Natural Language Processing},
  publisher =    {MIT Press},
  year = 	 1999,
  address = 	 {Cambridge, MA}}

@InCollection{Manning2003Probabilistic,
  author =	 {Christopher Manning},
  title =	 {Probabilistic syntax},
  booktitle =	 {Probabilistic Linguistics},
  editors =	 {Rens Bod and Jen Hay and Stefanie Jannedy},
  publisher =	 {MIT Press},
  pages =	 {289--341},
  year =	 2003,
  address =	 {Cambridge, MA}
}

@Book{Meyer2002,
  author = {Charles Meyer},
  title = {English Corpus Linguistics: An Introduction},
  publisher = {Cambridge University Press},
  year = 2002
}

@Book{Mertz2003TPP,
  author = 	 {David Mertz},
  title = 	 {Text Processing in Python},
  publisher = 	 {Addison-Wesley},
  year = 	 2003,
  address = 	 {Boston}}

@Article{MillerCharles1998,
  author =	 {George Miller and Walter Charles},
  title =	 {Contextual correlates of semantic similarity},
  journal =	 {Language and Cognitive Processes},
  volume =	 {6},
  pages =	 {1--28},
  year =	 1998
}
   
@book{Mitkov02handbook,
  author = 	 {Ruslan Mitkov},
  title = 	 {Oxford Handbook of Computational Linguistics},
  publisher =	 {Oxford University Press},
  year =	 2002}


@book{Mueller2002CP,
  author =	 {Stefan M{\"u}ller},
  title =	 {Complex Predicates: Verbal Complexes, Resultative
                  Constructions, and Particle Verbs in {German}},
  series =	 {Studies in Constraint"=Based Lexicalism},
  number =	 13,
  publisher =	 {Center for the Study of Language and Information},
  address =	 {Stanford},
  note =	 {\url{http://www.dfki.de/~stefan/Pub/complex.html}},
  year =	 2002
}

@Book{Nerbonne1994GHD,
  author = 	 {John Nerbonne and Klaus Netter and Carl Pollard},
  title = 	 {German in {Head-Driven Phrase Structure Grammar}},
  publisher = 	 {CSLI},
  year = 	 1994,
  address = 	 {Stanford, CA}}

@Book{Nespor:1986:PP,
  author =       "Marina Nespor and Irene Vogel",
  title =        "Prosodic Phonology",
  number =       "28",
  publisher =    "Foris Publications",
  address =      "Dordrecht",
  year =         "1986",
  series =       "Studies in Generative Grammar",
}

@InProceedings{Nivre2006MP,
  author =	 {J. Nivre and J. Hall and J. Nilsson},
  title =	 {MaltParser: A Data-Driven Parser-Generator for
                  Dependency Parsing},
  booktitle =	 {Proceedings of LREC},
  pages =	 {2216--2219},
  url =
                  {http://www.vxu.se/msi/users/nivre/papers/maltparser.pdf},
  year =	 2006
}

@Book{OGrady1989LI,
  author = 	 {William O'Grady and Michael Dubrovolsky and Mark Aronoff},
  title = 	 {Linguistics: An Introduction},
  publisher = 	 { St. Martin's Press},
  year = 	 1989,
  address = 	 {New York}}

@InCollection{Partee1995LSC,
  author =	 {Barbara Partee},
  title =	 {Lexical Semantics and Compositionality},
  booktitle =	 {An Invitation to Cognitive Science: Language},
  pages =	 {311--360},
  publisher =	 {The MIT Press},
  year =	 1995,
  editor =	 {L. R. Gleitman and M. Liberman},
  volume =	 {Volume 1}
}

@article{Pevzner2002Windowdiff,
  author =	 "L. Pevzner and M. Hearst",
  title =	 "A Critique and Improvement of an Evaluation Metric
                  for Text Segmentation",
  journal =	 {Computational Linguistics},
  volume =	 {28},
  pages =	 {19-36},
  year =	 2002
}

@Misc{Pullum2005However,
  author =	 {Geoffrey K. Pullum},
  title =	 {Fossilized prejudices about "however"},
  journal =	 {LanguageLog},
  number =	 {1913},
  url =
                  {http://itre.cis.upenn.edu/~myl/languagelog/archives/001913.html},
  year =	 2005
}

@Book{Radford1988TG,
  author = 	 {Andrew Radford},
  title = 	 {Transformational Grammar: An Introduction},
  publisher = 	 {Cambridge University Press},
  year = 	 1988,
  address = 	 {Cambridge}}

@Book{Reppen2005ANC,
  author =	 {Randi Reppen and Nancy Ide and Keith Suderman},
  title =	 {American National Corpus},
  year =	 2005,
  url =
                  {http://www.ldc.upenn.edu/Catalog/CatalogEntry.jsp?catalogId=LDC2005T35}
}

@Article{Robinson2007Toolbox,
  author =	 {Stuart Robinson and Greg Aumann and Steven Bird},
  title =	 {Managing Fieldwork Data with Toolbox and the Natural
                  Language Toolkit},
  journal =	 {Language Documentation and Conservation},
  year =	 2007,
  volume =	 1,
  pages =	 {44--57},
  url =
                  {http://nflrc.hawaii.edu/ldc/June2007/robinson/robinson.pdf}
}

@InProceedings{Ramshaw1995TCU,
  author =	 {Lance A. Ramshaw and Mitchell P. Marcus},
  title =	 {Text chunking using transformation-based learning},
  booktitle =	 {Proceedings of the Third ACL Workshop on Very Large
                  Corpora},
  pages =	 {82--94},
  year =	 1995
}

@Book{Sag1999ST,
  author =	 {Ivan A. Sag and Thomas Wasow },
  title =	 {Syntactic Theory: A Formal Introduction},
  publisher =	 {CSLI Publications},
  year =	 1999
}

@Book{Sampson2005,
  author = {Geoffrey Sampson and Diana McCarthy},
  title = {Corpus Linguistics: Readings in a Widening Discipline},
  publisher = {Continuum},
  year = 2005
}

@Book{Scott2006,
  author = {Mike Scott and Christopher Tribble},
  title = {Textual Patterns: Key Words and Corpus Analysis in Language Education},
  publisher = {John Benjamins},
  year = 2006
}

@INCOLLECTION{Shieber1983FIP,
  ADDRESS =	 {Menlo Park, CA},
  AUTHOR =	 {Stuart Shieber and Hans Uszkoreit and Fernando
                  Pereira and Jane Robinson and Mabry Tyson},
  BOOKTITLE =	 {Research on Interactive Acquisition and Use of
                  Knowledge},
  CHAPTER =	 4,
  EDITOR =	 {Barbara J. Grosz and Mark Stickel},
  MONTH =	 {November},
  NOTE =	 {Final report for SRI Project {1894}},
  PAGES =	 {39-79},
  PDF =
                  {http://www.eecs.harvard.edu/~shieber/Biblio/Papers/Shieber-83-FIP.pdf},
  PUBLISHER =	 {SRI International},
  TITLE =	 {The Formalism and Implementation of {PATR-II}},
  TYPE =	 {techreport},
  YEAR =	 1983
}

@Book{Shieber1986IUB,
  ADDRESS =	 {Stanford, CA},
  AUTHOR =	 {Stuart M. Shieber},
  PUBLISHER =	 {Center for the Study of Language and Information},
  SERIES =	 {CSLI Lecture Notes Series},
  TITLE =	 {An Introduction to Unification-Based Approaches to
                  Grammar},
  VOLUME =	 {4},
  YEAR =	 {1986}
}

@Book{StrunkWhite1999,
  author =	 {William Strunk and E. B. White},
  title =	 {The elements of style},
  publisher =	 {Boston: Allyn and Bacon},
  year =	 1999
}
  
@Misc{TLG1999,
  author =       {{TLG}},
  title =        {{Thesaurus} {Linguae} {Graecae}},
  year =         1999,
  url =         {http://www.tlg.uci.edu/}
}

@InProceedings{Thompson1997Standoff,
  author =	 "Henry S. Thompson and David McKelvie",
  title =	 "Hyperlink semantics for standoff markup of read-only
                  documents",
  booktitle =	 "SGML Europe '97",
  year =	 1997,
  note =	 "\url{http://www.ltg.ed.ac.uk/~ht/sgmleu97.html}"
}


@Article{Turing1950CMI,
  author = 	 {Alan M. Turing},
  title = 	 {Computing Machinery and Intelligence},
  journal = 	 {Mind},
  year = 	 1950,
  volume = 	 59,
  number = 	 236,
  pages = 	 {433--460},
  url = 	 {http://cogprints.ecs.soton.ac.uk/archive/00000499/00/turing.html}}

@Book{vanRossum2006IP,
  author = 	 {Guido van Rossum and Fred L. Drake},
  title = 	 {An Introduction to Python --- The Python Tutorial},
  publisher = 	 {Network Theory Ltd},
  year = 	 2006,
  address = 	 {Bristol}}

@Book{vanRossum2006PLR,
  author = 	 {Guido van Rossum and Fred L. Drake},
  title = 	 {The Python Language Reference Manual},
  publisher = 	 {Network Theory Ltd},
  year = 	 2006,
  address = 	 {Bristol}}

@Article{Warren1982EEA,
  author = 	 {David H. D. Warren and Fernando C. N. Pereira},
  title = 	 {An Efficient Easily Adaptable System for Interpreting Natural Language Queries},
  journal = 	 {AJCL},
  year = 	 1982,
  volume = 	 8,
  number = 	 {3-4},
  pages = 	 {110--122}}

@Book{Wechsler003MFA,
  author =	 {Stephen Mark Wechsler and Larisa Zlati{\'c}},
  title =	 {The Many Faces of Agreement},
  series =	 {Stanford Monographs in Linguistics},
  publisher =	 {Center for the Study of Language and Information},
  address =	 {Stanford},
  year =	 2003
}

@InProceedings{Zhao07,
  author =	 "Y. Zhao and J. Zobel",
  title =	 "Search with style: authorship attribution in classic
                  literature",
  booktitle =	 {Proceedings of the Thirtieth Australasian Computer
                  Science Conference},
  publisher =	 "Association for Computing Machinery",
  url =		 "http://www.cs.rmit.edu.au/~jz/fulltext/acsc07yz.pdf",
  year =	 2007
}

@Book{Woods1986,
  author =	 {Anthony Woods and Paul Fletcher and Arthur Hughes},
  title =	 {Statistics in Language Studies},
  publisher =	 {Cambridge University Press},
  year =	 {1986}
}

% BioNLP Refs

@InCollection{Bretonnel2004NLP,
  author =	 {K. Bretonnel Cohen and Lawrence Hunter},
  title =	 {Natural language processing and systems biology},
  booktitle =	 {Artificial Intelligence Methods and Tools for
                  Systems Biology},
  pages =	 {???},
  publisher =	 {Springer Verlag},
  year =	 2004,
  editor =	 {Werner Dubitzky and Francisco Azuaje}
}

@Article{Shatkay2004MBL,
  author = 	 {Hagit Shatkay and R Feldman},
  title = 	 {Mining the Biomedical Literature in the Genomic Era: {A}n Overview},
  journal = 	 {Journal of Computational Biology},
  year = 	 2004,
  volume = 	 10,
  number = 	 6,
  pages = 	 {821--855}}

@InCollection{Gomes2006TM,
  author =	 {Bruce Gomes and William Hayes and Raf Podowski},
  title =	 {Text Mining},
  booktitle =	 {In Silico Technologies in Drug Target Identification
                  and Validation},
  pages =	 {???},
  publisher =	 {Taylor \& Francis Ltd},
  year =	 2006,
  editor =	 {Darryl Leon and Scott Markel},
  chapter =	 {Chapter 6}
}


@Article{Hirschman2005OB,
  author =	 {Lynette Hirschman and Alexander Yeh and Christian
                  Blaschke and Alfonso Valencia},
  title =	 {Overview of BioCreAtIvE: critical assessment of
                  information extraction for biology},
  journal =	 {BMC Bioinformatics},
  year =	 2005,
  volume =	 6,
  month =	 {May},
  note =	 {Supplement 1},
  url =		 {http://www.biomedcentral.com/1471-2105/6/S1/S1}
}

