
@Book{Hammond02,
  author =	 {Michael Hammond},
  title = 	 {Programming for Linguistics: Java 
                  Technology for Language Researchers},
  publisher = 	 {Oxford: Blackwell},
  year = 	 2002
}

% Is this the right type of Bibtex entity??
@Misc{epydoc,
  author =       {Edward Loper},
  title =        {Epydoc},
  year =         2002,
  note =         {\\\url{http://epydoc.sourceforge.net}}
}

% Is this right?  It's a proposal.  (Note: change "url=" to "note=" if
% we want to display the url in the bibliography) 
% CNRI Proposal # 90120-1a
@TechReport{rossum99,
  author =       {Guido van Rossum},
  title =        {Computer Programming for Everybody},
  institution =  {Corporation for National Research Initiatives},
  year =         1999,
  note =          {\url{http://www.python.org/doc/essays/cp4e.html}}
}

% I couldn't find any "original paper" or anything like that.
% Guido has some essays at http://www.python.org/doc/essays/
% We could cite one of those instead?
% Also, what year?  It was created in the winter of 89-90, but it's
% evolved a lot over time.
@Misc{python,
  author =       {Guido van Rossum},
  title =        {The Python Programming Language},
  note =         {\url{http://www.python.org}},
  year =         1990
}

@Misc{tkinter,
  author =       {Fredrik Lundh},
  title =        {An Introduction to Tkinter},
  note =         {\\\url{http://www.pythonware.com/library/tkinter/introduction/index.htm}},
  year =         1999
}

@Misc{opennlp,
  title =        {The OpenNLP Project},
  author =       {Jason Baldridge},
  year =         2002,
  note =         {\\\url{http://opennlp.sourceforge.net/}}
}

@Misc{nltk,
  title =        {Natural Language Processing Toolkit},
  author =       {Edward Loper and Steven Bird},
  year =         2002,
  note =         {\\\url{http://nltk.sourceforge.net/}}
}

@InProceedings{Baldridge02,
  author = 	 {Jason Baldridge and John Dowding and Susana Early},
  title = 	 {Leo: an architecture for sharing resources for unification-based grammars},
  booktitle = 	 {Proceedings of the Third Language Resources and Evaluation Conference},
  year =	 2002,
  publisher =	 {Paris: European Language Resources Association},
  note =	 {\\\url{http://www.iccs.informatics.ed.ac.uk/~jmb/leo-lrec.ps.gz}}
}

@Misc{Copestake00,
  author =	 {Ann Copestake},
  title =	 {The (new) LKB system},
  year =	 2000,
  note =	 {\\\url{http://www-csli.stanford.edu/~aac/doc5-2.pdf}}
}


Version 5.2
June 26, 2000
system development by
Ann Copestake, John Carroll, Rob Malouf, Stephan Oepen
and others
documentation (mainly) written by
Ann Copestake
aac@csli.stanford.edu
