@article(dawidskene79,
   author={A. P. Dawid and A. M. Skene},
   title={Maximum likelihood estimation of observer error-rates using 
the EM algorithm},
   year={1979},
   journal={Applied Statistics}, 
   volume={28},
   pages={20-28}
) 
