
@Book{Hammond02,
  author =	 {Michael Hammond},
  title = 	 {Programming for Linguistics : Java Technology for Language Researchers},
  publisher = 	 {Oxford: Blackwell},
  year = 	 2002
}

